@article{DBLP:journals/pacmpl/AllaisA0MM18,
  author    = {Guillaume Allais and
               Robert Atkey and
               James Chapman and
               Conor McBride and
               James McKinna},
  title     = {A type and scope safe universe of syntaxes with binding: their semantics
               and proofs},
  journal   = {{PACMPL}},
  volume    = {2},
  number    = {{ICFP}},
  pages     = {90:1--90:30},
  year      = {2018},
  url       = {https://doi.org/10.1145/3236785},
  doi       = {10.1145/3236785},
  timestamp = {Wed, 21 Nov 2018 12:44:28 +0100},
  biburl    = {https://dblp.org/rec/bib/journals/pacmpl/AllaisA0MM18},
  bibsource = {dblp computer science bibliography, https://dblp.org}
}

@inproceedings{DBLP:conf/pldi/Chlipala07,
  author    = {Adam Chlipala},
  title     = {A certified type-preserving compiler from lambda calculus to assembly
               language},
  booktitle = {Proceedings of the {ACM} {SIGPLAN} 2007 Conference on Programming
               Language Design and Implementation, San Diego, California, USA, June
               10-13, 2007},
  pages     = {54--65},
  year      = {2007},
  crossref  = {DBLP:conf/pldi/2007},
  url       = {https://doi.org/10.1145/1250734.1250742},
  doi       = {10.1145/1250734.1250742},
  timestamp = {Tue, 06 Nov 2018 16:59:30 +0100},
  biburl    = {https://dblp.org/rec/bib/conf/pldi/Chlipala07},
  bibsource = {dblp computer science bibliography, https://dblp.org}
}
@proceedings{DBLP:conf/pldi/2007,
  editor    = {Jeanne Ferrante and
               Kathryn S. McKinley},
  title     = {Proceedings of the {ACM} {SIGPLAN} 2007 Conference on Programming
               Language Design and Implementation, San Diego, California, USA, June
               10-13, 2007},
  publisher = {{ACM}},
  year      = {2007},
  isbn      = {978-1-59593-633-2},
  timestamp = {Wed, 13 Jun 2007 10:00:03 +0200},
  biburl    = {https://dblp.org/rec/bib/conf/pldi/2007},
  bibsource = {dblp computer science bibliography, https://dblp.org}
}

@inproceedings{DBLP:conf/csl/AltenkirchR99,
  author    = {Thorsten Altenkirch and
               Bernhard Reus},
  title     = {Monadic Presentations of Lambda Terms Using Generalized Inductive
               Types},
  booktitle = {Computer Science Logic, 13th International Workshop, {CSL} '99, 8th
               Annual Conference of the EACSL, Madrid, Spain, September 20-25, 1999,
               Proceedings},
  pages     = {453--468},
  year      = {1999},
  crossref  = {DBLP:conf/csl/1999},
  url       = {https://doi.org/10.1007/3-540-48168-0\_32},
  doi       = {10.1007/3-540-48168-0\_32},
  timestamp = {Wed, 24 May 2017 15:40:43 +0200},
  biburl    = {https://dblp.org/rec/bib/conf/csl/AltenkirchR99},
  bibsource = {dblp computer science bibliography, https://dblp.org}
}
@proceedings{DBLP:conf/csl/1999,
  editor    = {J{\"{o}}rg Flum and
               Mario Rodr{\'{\i}}guez{-}Artalejo},
  title     = {Computer Science Logic, 13th International Workshop, {CSL} '99, 8th
               Annual Conference of the EACSL, Madrid, Spain, September 20-25, 1999,
               Proceedings},
  series    = {Lecture Notes in Computer Science},
  volume    = {1683},
  publisher = {Springer},
  year      = {1999},
  url       = {https://doi.org/10.1007/3-540-48168-0},
  doi       = {10.1007/3-540-48168-0},
  isbn      = {3-540-66536-6},
  timestamp = {Wed, 24 May 2017 15:40:43 +0200},
  biburl    = {https://dblp.org/rec/bib/conf/csl/1999},
  bibsource = {dblp computer science bibliography, https://dblp.org}
}

@inproceedings{DBLP:conf/popl/AbelPTS13,
  author    = {Andreas Abel and
               Brigitte Pientka and
               David Thibodeau and
               Anton Setzer},
  title     = {Copatterns: programming infinite structures by observations},
  booktitle = {The 40th Annual {ACM} {SIGPLAN-SIGACT} Symposium on Principles of
               Programming Languages, {POPL} '13, Rome, Italy - January 23 - 25,
               2013},
  pages     = {27--38},
  year      = {2013},
  crossref  = {DBLP:conf/popl/2013},
  url       = {https://doi.org/10.1145/2429069.2429075},
  doi       = {10.1145/2429069.2429075},
  timestamp = {Tue, 06 Nov 2018 11:07:43 +0100},
  biburl    = {https://dblp.org/rec/bib/conf/popl/AbelPTS13},
  bibsource = {dblp computer science bibliography, https://dblp.org}
}
@proceedings{DBLP:conf/popl/2013,
  editor    = {Roberto Giacobazzi and
               Radhia Cousot},
  title     = {The 40th Annual {ACM} {SIGPLAN-SIGACT} Symposium on Principles of
               Programming Languages, {POPL} '13, Rome, Italy - January 23 - 25,
               2013},
  publisher = {{ACM}},
  year      = {2013},
  url       = {http://dl.acm.org/citation.cfm?id=2429069},
  isbn      = {978-1-4503-1832-7},
  timestamp = {Fri, 18 Jan 2013 17:48:28 +0100},
  biburl    = {https://dblp.org/rec/bib/conf/popl/2013},
  bibsource = {dblp computer science bibliography, https://dblp.org}
}